<mx:record xmlns="http://www.w3.org/TR/xhtml1/strict" xmlns:mx="http://www.loc.gov/MARC21/slim" xmlns:xsi="http://www.w3.org/2001/XMLSchema-instance"><mx:leader>00000nz  a2200000n  45 0</mx:leader><mx:controlfield tag="001">oca06670622 </mx:controlfield><mx:controlfield tag="005">20050701052306.0</mx:controlfield><mx:controlfield tag="008">050628n| acannaabn          |a aaa     c</mx:controlfield><mx:datafield ind1=" " ind2=" " tag="010"><mx:subfield code="a">no2005060618</mx:subfield></mx:datafield><mx:datafield ind1=" " ind2=" " tag="035"><mx:subfield code="a">(OCoLC)oca06670622</mx:subfield></mx:datafield><mx:datafield ind1=" " ind2=" " tag="040"><mx:subfield code="a">InU</mx:subfield><mx:subfield code="b">eng</mx:subfield><mx:subfield code="c">InU</mx:subfield></mx:datafield><mx:datafield ind1="0" ind2=" " tag="100"><mx:subfield code="a">Vibius,</mx:subfield><mx:subfield code="c">Sequester,</mx:subfield><mx:subfield code="d">4th/5th cent.</mx:subfield></mx:datafield><mx:datafield ind1="1" ind2=" " tag="400"><mx:subfield code="a">Sequester, Vibius,</mx:subfield><mx:subfield code="d">4th/5th cent.</mx:subfield></mx:datafield><mx:datafield ind1=" " ind2=" " tag="670"><mx:subfield code="a">Vibii Sequestris De fluminibus, fontibus, lacubus, nemoribus, paludibus, montibus, gentibus per litteras, 15th cent.</mx:subfield></mx:datafield><mx:datafield ind1=" " ind2=" " tag="670"><mx:subfield code="a">LCCS: PA6965.V35</mx:subfield><mx:subfield code="b">(Vibius Sequester, 4th or 5th cent. C.E.)</mx:subfield></mx:datafield><mx:datafield ind1=" " ind2=" " tag="670"><mx:subfield code="a">Encyc. Brit., 11th ed.</mx:subfield><mx:subfield code="b">(Sequester, Vibius, 4th or 5th cent. A.D.)</mx:subfield></mx:datafield><mx:datafield ind1=" " ind2=" " tag="670"><mx:subfield code="a">The hist. of cartography, c1987:</mx:subfield><mx:subfield code="b">v. 1, p. 243 (Vibius Sequester)</mx:subfield></mx:datafield><mx:datafield ind1=" " ind2=" " tag="670"><mx:subfield code="a">LC database, 28 June 2005</mx:subfield><mx:subfield code="b">(hdg.: Vibius Sequester)</mx:subfield></mx:datafield><mx:datafield ind1=" " ind2=" " tag="670"><mx:subfield code="a">BM</mx:subfield><mx:subfield code="b">(hdg.: Vibius Sequester)</mx:subfield></mx:datafield><mx:datafield ind1=" " ind2=" " tag="670"><mx:subfield code="a">BN</mx:subfield><mx:subfield code="b">(hdg.: Vibius Sequester)</mx:subfield></mx:datafield><mx:datafield ind1=" " ind2=" " tag="675"><mx:subfield code="a">Oxford class. dict., 1996;</mx:subfield><mx:subfield code="a">Oxford companion to class. lit., 1955.</mx:subfield></mx:datafield><mx:datafield ind1=" " ind2=" " tag="999"><mx:subfield code="a">3138</mx:subfield></mx:datafield></mx:record>